@Article{Knöll2006PegasusFS,
 author = {Roman Knöll and M. Mezini},
 booktitle = {Conference on Object-Oriented Programming Systems, Languages, and Applications},
 pages = {542-559},
 title = {Pegasus: first steps toward a naturalistic programming language},
 year = {2006}
}

@Article{Ballard1979ProgrammingIN,
 author = {B. Ballard and A. Biermann},
 booktitle = {ACM '79},
 pages = {228-237},
 title = {Programming in natural language: “NLC” as a prototype},
 year = {1979}
}

@Article{Fu2023SecurityWO,
 author = {Yujia Fu and Peng Liang and Amjed Tahir and Zengyang Li and Mojtaba Shahin and Jiaxin Yu and Jinfu Chen},
 booktitle = {ACM Transactions on Software Engineering and Methodology},
 journal = {ACM Transactions on Software Engineering and Methodology},
 title = {Security Weaknesses of Copilot-Generated Code in GitHub Projects: An Empirical Study},
 year = {2023}
}

@Book{Liu2005MetaforVS,
 author = {Hugo Liu and H. Lieberman},
 booktitle = {International Conference on Intelligent User Interfaces},
 journal = {Proceedings of the 10th international conference on Intelligent user interfaces},
 title = {Metafor: visualizing stories as code},
 year = {2005}
}

@Article{Marneffe2006GeneratingTD,
 author = {M. Marneffe and Bill MacCartney and Christopher D. Manning},
 booktitle = {International Conference on Language Resources and Evaluation},
 pages = {449-454},
 title = {Generating Typed Dependency Parses from Phrase Structure Parses},
 year = {2006}
}


